@phdthesis{Amanatides_Woo_1987,
  title  = {A Fast Voxel Traversal Algorithm for Ray Tracing},
  school = {University of Toronto},
  author = {Amanatides, John and Woo, Andrew},
  year   = {1987},
  month  = {Aug}
}

@misc{Amran_1998,
  title  = {Voxels representation and Marching Cubes Algorithm},
  url    = {https://groups.csail.mit.edu/graphics/classes/6.838/S98/meetings/m7/voxels.html},
  author = {Amran, Eric},
  year   = {1998},
  month  = {Feb}
}

@phdthesis{Careil_Billeter_Eisemann_2020,
  title  = {Interactively Modifying Compressed Sparse Voxel Representations},
  school = {Delft University of Technology},
  author = {Careil, Victor and Billeter, Markus and Eisemann, Elmar},
  year   = {2020}
}

@phdthesis{Ize_2009,
  title  = {Efficient Acceleration Structures for Ray Tracing Static and Dynamic Scenes},
  school = {The University of Utah},
  author = {Ize, Thiago},
  year   = {2009},
  month  = {Aug}
}

@book{Laine_Karras_2010,
  series     = {NVIDIA Research},
  title      = {Efficient Sparse Voxel Octrees - Analysis, Extensions, and Implementation},
  url        = {https://research.nvidia.com/sites/default/files/pubs/2010-02_Efficient-Sparse-Voxel/laine2010tr1_paper.pdf},
  author     = {Laine, Samuli and Karras, Terro},
  year       = {2010},
  month      = {Feb},
  collection = {NVIDIA Research}
}

@misc{mikolalysenko_2012,
  title  = {Meshing in a Minecraft Game},
  url    = {https://0fps.net/2012/06/30/meshing-in-a-minecraft-game/},
  author = {mikolalysenko},
  year   = {2012},
  month  = {Jun}
}

@phdthesis{Kampe_Sintorn_Assarsson,
  title  = {High Resolution Sparse Voxel DAGs},
  school = {Chalmers University of Technology},
  author = {Kampe, Viktor and Sintorn, Erik and Assarsson, Ulf},
  year   = {2013},
  month  = {Jul}
}
