@techreport{Laine_Karras_2010,
  author      = {Laine, Samuli and Karras, Terro},
  url         = {https://research.nvidia.com/sites/default/files/pubs/2010-02_Efficient-Sparse-Voxel/laine2010i3d_paper.pdf},
  title       = {Efficient Sparse Voxel Octrees - Analysis, Extensions, and Implementation},
  institution = {NVIDIA Research},
  year        = {2010},
  month       = {Feb}
}

@techreport{Crassin_2012,
  title       = {Dynamic Sparse Voxel Octrees For Next Gen Real Time Rendering},
  url         = {https://www.icare3d.org/research/publications/Cra12/04_crassinVoxels_bps2012.pdf},
  author      = {Crassin, Cyril},
  year        = {2012},
  month       = {April},
  institution = {NVIDIA Research}
}

@misc{Eisenwave_RLE,
  title  = {Run-length encoding},
  url    = {https://eisenwave.github.io/voxel-compression-docs/rle/rle.html},
  author = {Eisenwave},
  note   = {Part of the "Voxel Compression Documentation", found at the same URL}
}

@misc{Eisenwave_SFC,
  title  = {Space-Filling Curves},
  url    = {https://eisenwave.github.io/voxel-compression-docs/rle/space_filling_curves.html},
  author = {Eisenwave},
  note   = {Part of the "Voxel Compression Documentation", found at the same URL}
}

@phdthesis{Ize_2009,
  title  = {Efficient Acceleration Structures for Ray Tracing Static and Dynamic Scenes},
  school = {The University of Utah},
  author = {Ize, Thiago},
  year   = {2009},
  month  = {Aug}
}
