@misc{Laine_Karras_2010,
  author      = {Laine, Samuli and Karras, Terro},
  title       = {Efficient Sparse Voxel Octrees - Analysis, Extensions, and Implementation},
  institution = {NVIDIA Research},
  year        = {2010},
  month       = {Feb}
}

@misc{Crassin_2012,
  title  = {Dynamic Sparse Voxel Octrees For Next Gen Real Time Rendering},
  url    = {https://www.icare3d.org/research/publications/Cra12/04_crassinVoxels_bps2012.pdf},
  author = {Crassin, Cyril},
  year   = {2012},
  month  = {April}
}

@misc{Amran_1998,
  title  = {Voxels representation and Marching Cubes Algorithm},
  url    = {https://groups.csail.mit.edu/graphics/classes/6.838/S98/meetings/m7/voxels.html},
  author = {Amran, Eric},
  year   = {1998},
  month  = {Feb}
}

@misc{mikolalysenko_2012,
  title  = {Meshing in a Minecraft Game},
  url    = {https://0fps.net/2012/06/30/meshing-in-a-minecraft-game/},
  author = {mikolalysenko},
  year   = {2012},
  month  = {Jun}
}

@phdthesis{Amanatides_Woo_1987,
  title  = {A Fast Voxel Traversal Algorithm for Ray Tracing},
  school = {University of Toronto},
  author = {Amanatides, John and Woo, Andrew},
  year   = {1987},
  month  = {Aug}
}

@phdthesis{Ize_2009,
  title  = {Efficient Acceleration Structures for Ray Tracing Static and Dynamic Scenes},
  school = {The University of Utah},
  author = {Ize, Thiago},
  year   = {2009},
  month  = {Aug}
}

@phdthesis{Kampe_Sintorn_Assarsson,
  title  = {High Resolution Sparse Voxel DAGs},
  school = {Chalmers University of Technology},
  author = {Kampe, Viktor and Sintorn, Erik and Assarsson, Ulf},
  year   = {2013},
  month  = {Jul}
}

@misc{Douglas_2022,
  title  = {Sparse voxel octree modification and benchmarking},
  url    = {https://www.youtube.com/watch?v=yjOLx4O634I},
  author = {Douglas},
  year   = {2022},
  month  = {Feb}
}

@phdthesis{Crassin_2011,
  title  = {GigaVoxels: A Voxel-Based Rendering Pipeline For Efficient Exploration of Large and Detailed Scenes},
  school = {Universit√© de Grenoble},
  author = {Crassin, Cyril},
  year   = {2011},
  month  = {Jul}
}

@phdthesis{Sung_1991,
  title  = {A DDA Octree Traversal Algorithm for Ray Tracing},
  school = {University of Illinois at Urbana-Champaign},
  author = {Sung, Kelvin},
  year   = {1991},
  month  = {Jan}
}

@phdthesis{Xiao_2019,
  title  = {GPU-based acceleration techniques: Algorithms, implementations, and applications},
  school = {University of Notre Dame},
  author = {Xiao, Kai},
  year   = {2015},
  month  = {Jul}
}

@article{Gedge_2014,
  title   = {Greedy Voxel Meshing},
  author  = {Gedge, Jason},
  year    = {2014},
  month   = {Aug},
  journal = {Blog}
}

@article{Cummings_2018,
  title   = {Starting Generation},
  author  = {Cummings, Chris},
  year    = {2018},
  month   = {May},
  journal = {Signed Distance Fields},
  url     = {https://shaderfun.com/2018/05/12/signed-distance-fields-part-4-generation/}
}

@misc{Benton,
  title   = {Ray Marching and Signed Distance Fields},
  journal = {Further Graphics},
  author  = {Benton, Alex},
  url     = {https://www.cl.cam.ac.uk/teaching/1819/FGraphics/1.%20Ray%20Marching%20and%20Signed%20Distance%20Fields.pdf}
} 
